%YAML 1.1
%TAG !u! tag:unity3d.com,2011:
--- !u!243 &-6872752772453005228
AudioMixerGroupController:
  m_ObjectHideFlags: 0
  m_CorrespondingSourceObject: {fileID: 0}
  m_PrefabInstance: {fileID: 0}
  m_PrefabAsset: {fileID: 0}
  m_Name: Music
  m_AudioMixer: {fileID: 24100000}
  m_GroupID: 9f83bc4d69ab5a044a097548874da1b2
  m_Children: []
  m_Volume: 1d3d5fcdb21a92f4aae9d05ab1545687
  m_Pitch: d8b15705034f8924e8c774c91f37aad5
  m_Send: 00000000000000000000000000000000
  m_Effects:
  - {fileID: -980649108920390856}
  m_UserColorIndex: 0
  m_Mute: 0
  m_Solo: 0
  m_BypassEffects: 0
--- !u!244 &-3113270966122174362
AudioMixerEffectController:
  m_ObjectHideFlags: 3
  m_CorrespondingSourceObject: {fileID: 0}
  m_PrefabInstance: {fileID: 0}
  m_PrefabAsset: {fileID: 0}
  m_Name: 
  m_EffectID: 34c141935f0ff234ca6816e8482fb914
  m_EffectName: Attenuation
  m_MixLevel: f811210a565f8854c82479f4855705db
  m_Parameters: []
  m_SendTarget: {fileID: 0}
  m_EnableWetMix: 0
  m_Bypass: 0
--- !u!244 &-980649108920390856
AudioMixerEffectController:
  m_ObjectHideFlags: 3
  m_CorrespondingSourceObject: {fileID: 0}
  m_PrefabInstance: {fileID: 0}
  m_PrefabAsset: {fileID: 0}
  m_Name: 
  m_EffectID: a2ad6c8c4517b6a4c92de59049e6d977
  m_EffectName: Attenuation
  m_MixLevel: c834fc5e1443d184ca4ed80d919619ed
  m_Parameters: []
  m_SendTarget: {fileID: 0}
  m_EnableWetMix: 0
  m_Bypass: 0
--- !u!241 &24100000
AudioMixerController:
  m_ObjectHideFlags: 0
  m_CorrespondingSourceObject: {fileID: 0}
  m_PrefabInstance: {fileID: 0}
  m_PrefabAsset: {fileID: 0}
  m_Name: GameVolume
  m_OutputGroup: {fileID: 0}
  m_MasterGroup: {fileID: 24300002}
  m_Snapshots:
  - {fileID: 24500006}
  m_StartSnapshot: {fileID: 24500006}
  m_SuspendThreshold: -80
  m_EnableSuspend: 1
  m_UpdateMode: 0
  m_ExposedParameters:
  - guid: 1d3d5fcdb21a92f4aae9d05ab1545687
    name: Music
  - guid: 409e3dab3e3277c4793ad2984914f1ff
    name: SoundEffects
  m_AudioMixerGroupViews:
  - guids:
    - 4943ec0a6b7f8004dbba29c942969cb6
    - 9f83bc4d69ab5a044a097548874da1b2
    - 850b5161305773e47baceca3d6288f5b
    name: View
  m_CurrentViewIndex: 0
  m_TargetSnapshot: {fileID: 24500006}
--- !u!243 &24300002
AudioMixerGroupController:
  m_ObjectHideFlags: 0
  m_CorrespondingSourceObject: {fileID: 0}
  m_PrefabInstance: {fileID: 0}
  m_PrefabAsset: {fileID: 0}
  m_Name: Master
  m_AudioMixer: {fileID: 24100000}
  m_GroupID: 4943ec0a6b7f8004dbba29c942969cb6
  m_Children:
  - {fileID: 7276399789117074919}
  - {fileID: -6872752772453005228}
  m_Volume: 9085d74d8deb7b744a69853ff5901930
  m_Pitch: 767435b9ea4444144bec464a7710f406
  m_Send: 00000000000000000000000000000000
  m_Effects:
  - {fileID: 24400004}
  m_UserColorIndex: 0
  m_Mute: 0
  m_Solo: 0
  m_BypassEffects: 0
--- !u!244 &24400004
AudioMixerEffectController:
  m_ObjectHideFlags: 3
  m_CorrespondingSourceObject: {fileID: 0}
  m_PrefabInstance: {fileID: 0}
  m_PrefabAsset: {fileID: 0}
  m_Name: 
  m_EffectID: 0cb93e469d0266a4eb0cc973d17e50d1
  m_EffectName: Attenuation
  m_MixLevel: 713fa668a3e105f468cc0319cb26ec78
  m_Parameters: []
  m_SendTarget: {fileID: 0}
  m_EnableWetMix: 0
  m_Bypass: 0
--- !u!245 &24500006
AudioMixerSnapshotController:
  m_ObjectHideFlags: 0
  m_CorrespondingSourceObject: {fileID: 0}
  m_PrefabInstance: {fileID: 0}
  m_PrefabAsset: {fileID: 0}
  m_Name: Snapshot
  m_AudioMixer: {fileID: 24100000}
  m_SnapshotID: 6e8824d3547592c4cbdf7a88a1f025d2
  m_FloatValues:
    7b1ca81c1727e704d8be6734ca1a0955: 0
    9085d74d8deb7b744a69853ff5901930: 0
    1d3d5fcdb21a92f4aae9d05ab1545687: 0
    af326f1f74953d8429dfa738d95f3489: -13.0627575
  m_TransitionOverrides: {}
--- !u!243 &7276399789117074919
AudioMixerGroupController:
  m_ObjectHideFlags: 0
  m_CorrespondingSourceObject: {fileID: 0}
  m_PrefabInstance: {fileID: 0}
  m_PrefabAsset: {fileID: 0}
  m_Name: SoundEffects
  m_AudioMixer: {fileID: 24100000}
  m_GroupID: 850b5161305773e47baceca3d6288f5b
  m_Children: []
  m_Volume: 409e3dab3e3277c4793ad2984914f1ff
  m_Pitch: b8f0f588b6d7b5a4fa90407db4b51a79
  m_Send: 00000000000000000000000000000000
  m_Effects:
  - {fileID: -3113270966122174362}
  m_UserColorIndex: 0
  m_Mute: 0
  m_Solo: 0
  m_BypassEffects: 0
